<?xml version="1.0" encoding="UTF-8"?><collection xmlns="http://www.loc.gov/MARC21/slim"><record><leader>00348nam--2200121-i-4500</leader><controlfield tag="001">000048116</controlfield><controlfield tag="002">20161230</controlfield><controlfield tag="005">20161230201046</controlfield><controlfield tag="008">060222s1000------------r-----000-0-eng-d</controlfield><datafield ind1=" " ind2=" " tag="100"><subfield code="a">Zickendraht, W. S.A</subfield></datafield><datafield ind1=" " ind2=" " tag="245"><subfield code="a">Revised calculations on the photodesintegration of the deuteron</subfield></datafield><datafield ind1=" " ind2=" " tag="260"><subfield code="a">New Hgaven, Yale University, F.A. 9p. + 4fig</subfield></datafield><datafield ind1=" " ind2=" " tag="852"><subfield code="a">16426</subfield></datafield></record></collection>